<record><leader>00000cas a22000007a 4500</leader><controlfield tag="001">19210948</controlfield><controlfield tag="008">890214d19231927nduwr ne      0    0eng d</controlfield><datafield ind1=" " ind2=" " tag="010"><subfield code="a">sn 89074016 </subfield></datafield><datafield ind1=" " ind2=" " tag="040"><subfield code="a">NOP</subfield><subfield code="b">eng</subfield><subfield code="c">NOP</subfield><subfield code="d">OCLCQ</subfield></datafield><datafield ind1=" " ind2=" " tag="042"><subfield code="a">msc</subfield></datafield><datafield ind1="0" ind2=" " tag="130"><subfield code="a">Northwest press (Minot, N.D.)</subfield></datafield><datafield ind1="1" ind2="4" tag="245"><subfield code="a">The Northwest press.</subfield></datafield><datafield ind1=" " ind2=" " tag="260"><subfield code="a">Minot, Ward County, N.D. :</subfield><subfield code="b">Einar Berge</subfield></datafield><datafield ind1=" " ind2=" " tag="300"><subfield code="a">v. :</subfield><subfield code="b">ill. ;</subfield><subfield code="c">55 cm.</subfield></datafield><datafield ind1=" " ind2=" " tag="310"><subfield code="a">Weekly</subfield></datafield><datafield ind1="0" ind2=" " tag="362"><subfield code="a">Vol. 22, no. 1 (Sept. 20, 1923)-v.24, no. 50 (Sept. 29, 1927).</subfield></datafield><datafield ind1=" " ind2=" " tag="530"><subfield code="a">Available on microfilm from the State Historical Society of North Dakota.</subfield></datafield><datafield ind1=" " ind2=" " tag="752"><subfield code="a">United States</subfield><subfield code="b">North Dakota</subfield><subfield code="c">Ward</subfield><subfield code="d">Minot.</subfield></datafield><datafield ind1="0" ind2="0" tag="780"><subfield code="t">Ward County press</subfield><subfield code="w">(DLC)sn 89074015</subfield></datafield><datafield ind1="0" ind2="7" tag="785"><subfield code="t">Dakota state journal and the messenger</subfield><subfield code="w">(DLC)sn 89074011</subfield></datafield><datafield ind1="0" ind2="7" tag="785"><subfield code="t">Dakota state journal messenger and Northwest press</subfield><subfield code="w">(DLC)sn 89074012</subfield></datafield></record>